% poder e cibernetica
@inbook{macias:84,
   publisher = "Amanda Macias",
   title = "The 35 Most Powerful Militaries In The World"
   url = "\urlhttp{http://www.businessinsider.com/35-most-powerful-militaries-in-the-world-2014-7}",
   urlaccessdate = "23 dez. 2016"
}

@inbook{patent:15,
   publisher = "U.S. Patent and Trademark Office",
   title = "Patent Counts By Country, State, and Year - All Patent Types
(December 2015)"
   url = "\urlhttp{https://www.uspto.gov/web/offices/ac/ido/oeip/taf/cst_all.htm}",
   urlaccessdate = "23 dez. 2016"
}


@inbook{segciber:16,
   publisher = "Instituto de Defesa Cibernética",
   title = "Segurança cibernética pode se tornar matéria obrigatória nas escolas brasileiras"
   url = "\urlhttp{http://www.idciber-eb.unb.br/index.php?option=com_content&view=article&id=999}",
   urlaccessdate = "23 dez. 2016"
}

@Book{knuth:84,
  author = 	 {Donald E. Knuth},
  title = 	 {The {\TeX} Book},
  publisher = 	 {Addison-Wesley},
  year = 	 {1984},
  edition = 	 {15th}
}

@InCollection{boulic:91,
  author = 	 {R. Boulic and O. Renault},
  title = 	 {3D Hierarchies for Animation},
  booktitle = 	 {New Trends in Animation and Visualization},
  publisher =    {John Wiley {\&} Sons ltd.},
  year = 	 {1991},
  editor = 	 {Nadia Magnenat-Thalmann and Daniel Thalmann}
}

@InCollection{smith:99,
  author = 	 {A. Smith and B. Jones},
  title = 	 {On the Complexity of Computing},
  booktitle = 	 {Advances in Computer Science},
  pages = 	 {555--566},
  publisher =    {Publishing Press},
  year = 	 {1999},
  editor = 	 {A. B. Smith-Jones}
}


% Tec e Educacao
@online{1-8tec,
    author    = "Michael Poh",
    title     = "8 Technologies That Will Shape Future Classrooms",
    url       = "http://www.hongkiat.com/blog/future-classroom-technologies/"

}

@online{2-games,
    author    = "Colunista Portal - Educação",
    title     = "Exemplos de Games utilizados para a educação no Brasil",
    url       = "http://www.hongkiat.com/blog/future-classroom-technologies/"
}

@article{3-redes-sociais,
  title={Utiliza{\c{c}}{\~a}o das redes sociais na educa{\c{c}}{\~a}o: guia para o uso do Facebook em uma institui{\c{c}}{\~a}o de ensino superior},
  author={Juliani, Douglas Paulesky and Juliani, Jordan Paulesky and de Souza, Jo{\~a}o Artur and de Bettio, Raphael Winkcler},
  journal={RENOTE},
  volume={10},
  number={3},
  year={2012}
}



